@article{testbib,
  title={{A Scalable Hybrid Scheme for Ray-Casting of Unstructured Volume Data}},
  author={Binyahib, Roba and Peterka, Tom and Larsen, Matthew and Ma, Kwan-Liu and Childs, Hank},
  journal={IEEE Transactions on Visualization and Computer Graphics},
  volume=25,
  number=7,
  month=jul,
  year=2019,
  pages={2349--2361},
}

@inproceedings{Marsaglia:EGPGV19,
 booktitle = {Eurographics Symposium on Parallel Graphics and Visualization (EGPGV)},
title = {{Dynamic I/O Budget Reallocation For In Situ Wavelet Compression}},
author = { Nicole Marsaglia and Shaomeng Li and Kristi Belcher and Matthew Larsen and Hank Childs },
year = {2019},
month = jun,
pages = { 1--6 },
address = { Porto, Portugal },
}

@inproceedings{Kress:ISC19,
booktitle = {ISC High Performance},
title = {{Comparing the Efficiency of In Situ Visualization Paradigms at Scale}},
author = {James Kress and Matthew Larsen and Jong Choi and Mark Kim and Matthew Wolf and Norbert Podhorszki and Scott Klasky and Hank Childs and David Pugmire},
year = {2019},
month = jun,
address = { Frankfurt, Germany },
pages = { 99--117 },
}

@inproceedings{Labasan:IPDPS19,
booktitle = {Proceedings of IEEE International Parallel and Distributed Processing Symposium (IPDPS)},
title = {{Power and Performance Tradeoffs for \linebreak Visualization Algorithms}},
author = {Labasan, Stephanie and Larsen, Matthew and Childs, Hank and Rountree, Barry},
year = {2019},
pages = {325--334},
month = may,
address = { Rio de Janeiro, Brazil },
}


@inproceedings{Larsen:ISAV18,
 author = {Larsen, Matthew and Woods, Amy and Marsaglia, Nicole and Biswas, Ayan and Dutta, Soumya and Harrison, Cyrus and Childs, Hank},
 title = {{A Flexible System for In Situ Triggers}},
 booktitle = {Proceedings of the Workshop on In Situ Infrastructures for Enabling Extreme-Scale Analysis and Visualization (ISAV18)},
 year = {2018},
 isbn = {978-1-4503-6579-6},
 address = {Dallas, TX},
 pages = {1--6},
 month = nov,
 numpages = {6},
 note  = "{{\bf \emph{Best paper} award}}",
}​

 @inproceedings{Larsen:2018:FSS:3281464.3281468,
 	author = {Larsen, Matthew and Woods, Amy and Marsaglia, Nicole and Biswas, Ayan and Dutta, Soumya and Harrison, Cyrus and Childs, Hank},
 	title = {A Flexible System for in Situ Triggers},
 	booktitle = {Proceedings of the Workshop on In Situ Infrastructures for Enabling Extreme-Scale Analysis and Visualization},
 	series = {ISAV '18},
 	year = {2018},
 	isbn = {978-1-4503-6579-6},
 	location = {Dallas, Texas},
 	pages = {1--6},
 	numpages = {6},
 	url = {http://doi.acm.org/10.1145/3281464.3281468},
 	doi = {10.1145/3281464.3281468},
 	acmid = {3281468},
 	publisher = {ACM},
 	address = {New York, NY, USA},
 }

@InProceedings{10.1007/978-3-030-17872-7_12,
	author="Wood, Chad
	and Larsen, Matthew
	and Gimenez, Alfredo
	and Huck, Kevin
	and Harrison, Cyrus
	and Gamblin, Todd
	and Malony, Allen",
	editor="Bhatele, Abhinav
	and Boehme, David
	and Levine, Joshua A.
	and Malony, Allen D.
	and Schulz, Martin",
	title="Projecting Performance Data over Simulation Geometry Using SOSflow and ALPINE",
	booktitle="Programming and Performance Visualization Tools",
	year="2019",
	publisher="Springer International Publishing",
	address="Cham",
	pages="201--218",
	isbn="978-3-030-17872-7"
}

@inproceedings{Li:2017:PIS:3144769.3144773,
	author = {Li, Shaomeng and Larsen, Matthew and Clyne, John and Childs, Hank},
	title = {Performance Impacts of In Situ Wavelet Compression on Scientific Simulations},
	booktitle = {Proceedings of the In Situ Infrastructures on Enabling Extreme-Scale Analysis and Visualization},
	series = {ISAV'17},
	year = {2017},
	isbn = {978-1-4503-5139-3},
	location = {Denver, CO, USA},
	pages = {37--41},
	numpages = {5},
	url = {http://doi.acm.org/10.1145/3144769.3144773},
	doi = {10.1145/3144769.3144773},
	acmid = {3144773},
	publisher = {ACM},
	address = {New York, NY, USA}
}

@inproceedings{Larsen:2017:ASI:3144769.3144778,
	author = {Larsen, Matthew and Ahrens, James and Ayachit, Utkarsh and Brugger, Eric and Childs, Hank and Geveci, Berk and Harrison, Cyrus},
	title = {The ALPINE In Situ Infrastructure: Ascending from the Ashes of Strawman},
	booktitle = {Proceedings of the In Situ Infrastructures on Enabling Extreme-Scale Analysis and Visualization},
	series = {ISAV'17},
	year = {2017},
	isbn = {978-1-4503-5139-3},
	location = {Denver, CO, USA},
	pages = {42--46},
	numpages = {5},
	url = {http://doi.acm.org/10.1145/3144769.3144778},
	doi = {10.1145/3144769.3144778},
	acmid = {3144778},
	publisher = {ACM},
	address = {New York, NY, USA},
	keywords = {HPC, In Situ, Scientific Visualization},
}

@INPROCEEDINGS{8231845,
	author={B. {Lessley} and K. {Moreland} and M. {Larsen} and H. {Childs}},
	booktitle={2017 IEEE 7th Symposium on Large Data Analysis and Visualization (LDAV)},
	title={Techniques for data-parallel searching for duplicate elements},
	year={2017},
	volume={},
	number={},
	pages={1-5},
	keywords={cryptography;file organisation;parallel processing;shared memory systems;machine architecture;data set;duplicate elements;data-parallel approaches;data-parallel searching;shared-memory data-parallel techniques;Hash-Fight algorithm;FNV1a hash function;Sorting;Computer architecture;Indexing;Algorithm design and analysis;Runtime;Electronic mail},
	doi={10.1109/LDAV.2017.8231845},
	ISSN={},
	month={Oct},}

@inproceedings {pgv.20171088,
	booktitle = {Eurographics Symposium on Parallel Graphics and Visualization},
	editor = {Alexandru Telea and Janine Bennett},
	title = {{PaViz: A Power-Adaptive Framework for Optimizing Visualization Performance}},
	author = {Labasan, Stephanie and Larsen, Matthew and Childs, Hank and Rountree, Barry},
	year = {2017},
	publisher = {The Eurographics Association},
	ISSN = {1727-348X},
	ISBN = {978-3-03868-034-5},
	DOI = {10.2312/pgv.20171088}
}

@INPROCEEDINGS{7877102,
	author={M. {Larsen} and C. {Harrison} and J. {Kress} and D. {Pugmire} and J. S. {Meredith} and H. {Childs}},
	booktitle={SC '16: Proceedings of the International Conference for High Performance Computing, Networking, Storage and Analysis},
	title={Performance Modeling of In Situ Rendering},
	year={2016},
	volume={},
	number={},
	pages={276-287},
	keywords={computational complexity;data visualisation;parallel processing;rendering (computer graphics);resource allocation;statistical analysis;performance modeling;in situ rendering;in situ visualization;in situ analysis;high performance computing;resource trade-off management;statistical performance model;algorithmic complexity;run-time cost prediction;rendering algorithm;MPI+X rendering infrastructure;HPC simulation application;Rendering (computer graphics);Data models;Computational modeling;Data visualization;Pipelines;Graphics processing units;Supercomputers},
	doi={10.1109/SC.2016.23},
	ISSN={2167-4337},
	month={Nov},}

@INPROCEEDINGS{7874308,
	author={M. {Larsen} and K. {Moreland} and C. R. {Johnson} and H. {Childs}},
	booktitle={2016 IEEE 6th Symposium on Large Data Analysis and Visualization (LDAV)},
	title={Optimizing multi-image sort-last parallel rendering},
	year={2016},
	volume={},
	number={},
	pages={37-46},
	keywords={data visualisation;image processing;rendering (computer graphics);sorting;multiimage sort-last parallel rendering;interactive rendering;in situ visualization;parallel image generation throughput;Rendering (computer graphics);Cameras;Motion pictures;Data visualization;Software;Electronic mail;Geometry;I.3.6 [Computer Graphics]: General;I.3.2 [Computer Graphics]: Graphics Systems — Distributed/network graphics},
	doi={10.1109/LDAV.2016.7874308},
	ISSN={},
	month={Oct},}

@article{DBLP:journals/cga/MorelandSULMPKS16,
	author    = {Kenneth Moreland and
	Christopher M. Sewell and
	William Usher and
	Li{-}Ta Lo and
	Jeremy S. Meredith and
	David Pugmire and
	James Kress and
	Hendrik A. Schroots and
	Kwan{-}Liu Ma and
	Hank Childs and
	Matthew Larsen and
	Chun{-}Ming Chen and
	Robert Maynard and
	Berk Geveci},
	title     = {VTK-m: Accelerating the Visualization Toolkit for Massively Threaded
	Architectures},
	journal   = {{IEEE} Computer Graphics and Applications},
	volume    = {36},
	number    = {3},
	pages     = {48--58},
	year      = {2016},
	url       = {https://doi.org/10.1109/MCG.2016.48},
	doi       = {10.1109/MCG.2016.48},
	timestamp = {Wed, 14 Nov 2018 10:45:19 +0100},
	biburl    = {https://dblp.org/rec/bib/journals/cga/MorelandSULMPKS16},
	bibsource = {dblp computer science bibliography, https://dblp.org}
}

@inproceedings{Larsen:2015:SBS:2828612.2828625,
	author = {Larsen, Matthew and Brugger, Eric and Childs, Hank and Eliot, Jim and Griffin, Kevin and Harrison, Cyrus},
	title = {Strawman: A Batch In Situ Visualization and Analysis Infrastructure for Multi-Physics Simulation Codes},
	booktitle = {Proceedings of the First Workshop on In Situ Infrastructures for Enabling Extreme-Scale Analysis and Visualization},
	series = {ISAV2015},
	year = {2015},
	isbn = {978-1-4503-4003-8},
	location = {Austin, TX, USA},
	pages = {30--35},
	numpages = {6},
	url = {http://doi.acm.org/10.1145/2828612.2828625},
	doi = {10.1145/2828612.2828625},
	acmid = {2828625},
	publisher = {ACM},
	address = {New York, NY, USA},
}

@article{Moreland:2015:VEP:3026759.3026765,
	author = {Moreland, Kenneth and Larsen, Matthew and Childs, Hank},
	title = {Visualization for Exascale: Portable Performance is Critical},
	journal = {Supercomput. Front. Innov.: Int. J.},
	issue_date = {July 2015},
	volume = {2},
	number = {3},
	month = jul,
	year = {2015},
	issn = {2409-6008},
	pages = {67--75},
	numpages = {9},
	url = {http://dl.acm.org/citation.cfm?id=3026759.3026765},
	acmid = {3026765},
	publisher = {South Ural State University},
	address = {Chelyabinsk, Russia, Russia},
	keywords = {data parallel primitives, exascale, performance portability, scientific visualization},
}

@INPROCEEDINGS{7348074,
	author={S. {Labasan} and M. {Larsen} and H. {Childs}},
	booktitle={2015 IEEE 5th Symposium on Large Data Analysis and Visualization (LDAV)},
	title={Exploring tradeoffs between power and performance for a scientific visualization algorithm},
	year={2015},
	volume={},
	number={},
	pages={73-80},
	keywords={application program interfaces;clocks;data visualisation;message passing;parallel processing;power aware computing;scientific information systems;scientific visualization algorithm;design constraint;high-performance computing;software design;HPC programs;data-intensive property;power usage optimization;isosurfacing algorithm;clock frequency;programming model;MPI;OpenMP;generalized implementation;optimized implementation;concurrency control;hardware architecture;data set;energy usage optimization;Clocks;Computer architecture;Data visualization;Benchmark testing;Runtime;Hardware;Data models},
	doi={10.1109/LDAV.2015.7348074},
	ISSN={},
	month={Oct},}

@inproceedings {pgv.20151155,
	booktitle = {Eurographics Symposium on Parallel Graphics and Visualization},
	editor = {C. Dachsbacher and P. Navrátil},
	title = {{Volume Rendering Via Data-Parallel Primitives}},
	author = {Larsen, Matthew and Labasan, Stephanie and Navrátil, Paul and Meredith, Jeremy and Childs, Hank},
	year = {2015},
	publisher = {The Eurographics Association},
	DOI = {10.2312/pgv.20151155}
}

@INPROCEEDINGS{7156388,
	author={M. {Larsen} and J. S. {Meredith} and P. A. {Navrátil} and H. {Childs}},
	booktitle={2015 IEEE Pacific Visualization Symposium (PacificVis)},
	title={Ray tracing within a data parallel framework},
	year={2015},
	volume={},
	number={},
	pages={279-286},
	keywords={data visualisation;parallel machines;ray tracing;data parallel framework;supercomputer;computational power per die;high-level language;many-core device;cross-platform construct;scientific visualization package;language construct;data parallelism;central visualization algorithm;investment;scientific visualization application;data parallel primitive;rasterization;work-horse graphics solution;ray tracing method;Ray tracing;Computer architecture;Parallel processing;Graphics processing units;Data visualization;DSL},
	doi={10.1109/PACIFICVIS.2015.7156388},
	ISSN={2165-8765},
	month={April},}
@inproceedings{Malony:PARCO,
  booktitle = {Proceedings of the International Conference on Parallel Computing (ParCo)},
  title={{When Parallel Performance Measurement and Analysis Meets In Situ Analytics
and Visualization}},
  author={Allen D. Malony and Matthew Larsen and Kevin Huck and Chad Wood and Sudhanshu Sane and Hank Childs},
  year = {2019},
  month = sep,
  pages= {521--532},
  address = { Prague, Czech Republic },
}

@inproceedings{jits_complicated,
author = {Ibrahim, Seif and Harrison, Cyrus and Larsen, Matthew},
title = {JIT’s Complicated: A Comprehensive System For Derived Field Generation},
year = {2020},
isbn = {9781450388122},
publisher = {Association for Computing Machinery},
address = {New York, NY, USA},
url = {https://doi.org/10.1145/3426462.3426467},
doi = {10.1145/3426462.3426467},
booktitle = {ISAV'20 In Situ Infrastructures for Enabling Extreme-Scale Analysis and Visualization},
pages = {27–31},
numpages = {5},
location = {Atlanta, GA, USA},
series = {ISAV'20}
}

@inproceedings{10.1145/3426462.3426469,
author = {Kawakami, Yuya and Marsaglia, Nicole and Larsen, Matthew and Childs, Hank},
title = {Benchmarking In Situ Triggers Via Reconstruction Error},
year = {2020},
isbn = {9781450388122},
publisher = {Association for Computing Machinery},
address = {New York, NY, USA},
url = {https://doi.org/10.1145/3426462.3426469},
doi = {10.1145/3426462.3426469},
booktitle = {ISAV'20 In Situ Infrastructures for Enabling Extreme-Scale Analysis and Visualization},
pages = {38–43},
numpages = {6},
keywords = {scientific visulazation, benchmarking, triggers, in situ processing},
location = {Atlanta, GA, USA},
series = {ISAV'20}
}

@article{doi:10.1177/1094342020935991,
author = {Hank Childs and others},
title ={A terminology for in situ visualization and analysis systems},
journal = {The International Journal of High Performance Computing Applications},
volume = {34},
number = {6},
pages = {676-691},
year = {2020},
doi = {10.1177/1094342020935991}
}

@INPROCEEDINGS{9308046,
  author={J. {Kress} and M. {Larsen} and J. {Choi} and M. {Kim} and M. {Wolf} and N. {Podhorszki} and S. {Klasky} and H. {Childs} and D. {Pugmire}},
  booktitle={2020 IEEE 10th Symposium on Large Data Analysis and Visualization (LDAV)},
  title={Comparing Time-to-Solution for In Situ Visualization Paradigms at Scale},
  year={2020},
  volume={},
  number={},
  pages={22-26},
  doi={10.1109/LDAV51489.2020.00009}}

@inproceedings{darkroom,
author = {Lukasczyk, Jonas and Garth, Christoph and Larsen, Matthew and Engelke, Wito and Hotz, Ingrid and Rogers, David and Ahrens, James and Maciejewski, Ross},
year = {2020},
month = {10},
pages = {37-41},
title = {Cinema Darkroom: A Deferred Rendering Framework for Large-Scale Datasets},
doi = {10.1109/LDAV51489.2020.00011}
}

@InProceedings{isckress20,
author="Kress, James
and Larsen, Matthew
and Choi, Jong
and Kim, Mark
and Wolf, Matthew
and Podhorszki, Norbert
and Klasky, Scott
and Childs, Hank
and Pugmire, David",
editor="Sadayappan, Ponnuswamy
and Chamberlain, Bradford L.
and Juckeland, Guido
and Ltaief, Hatem",
title="Opportunities for Cost Savings with In-Transit Visualization",
booktitle="High Performance Computing",
year="2020",
publisher="Springer International Publishing",
address="Cham",
pages="146--165",
isbn="978-3-030-50743-5"
}

@inproceedings{jupyter,
author = {Ibrahim, Seif and Stitt, Thomas and Larsen, Matthew and Harrison, Cyrus},
title = {Interactive in Situ Visualization and Analysis Using Ascent and Jupyter},
year = {2019},
isbn = {9781450377232},
publisher = {Association for Computing Machinery},
address = {New York, NY, USA},
url = {https://doi.org/10.1145/3364228.3364232},
doi = {10.1145/3364228.3364232},
booktitle = {Proceedings of the Workshop on In Situ Infrastructures for Enabling Extreme-Scale Analysis and Visualization},
pages = {44–48},
numpages = {5},
location = {Denver, Colorado, USA},
series = {ISAV '19}
}

